@article{shaw2020causes,
	title={Causes and consequences of individual variation in animal movement},
	author={Shaw, Allison K},
	journal={Movement ecology},
	volume={8},
	number={1},
	pages={1--12},
	year={2020},
	publisher={Springer}
}

@article{leblond2010drives,
	title={What drives fine-scale movements of large herbivores? A case study using moose},
	author={Leblond, Mathieu and Dussault, Christian and Ouellet, Jean-Pierre},
	journal={Ecography},
	volume={33},
	number={6},
	pages={1102--1112},
	year={2010},
	publisher={Wiley Online Library}
}
